@BOOK{1,
  author = {Ландау, Л.Д. and Лифшиц, Е.М.},
  title = {Квантовая механика. Нерелятивистская теория},
  address = {М.},
	publisher = {Физматлит},
  year = {2001},
  language     = {russian}
}

@BOOK{2,
  author = {Мессиа, А.},
  title = {Квантовая механика},
  address = {М.},
  publisher = {Наука},
  year = {1978},
  language     = {russian}
}

@BOOK{3,
  author = {Давыдов, А.С.},
  title = {Квантовая механика},
  address = {М.},
  publisher = {Наука},
  year = {1973},
  language     = {russian}
}


@BOOK{4,
  author = {Белоусов, Ю.М.},
  title = {Курс квантовой механики},
  address = {М.},
  publisher = {МФТИ},
  year = {2006},
  language     = {russian}
}


@BOOK{5,
  author = {Шифф, Л.},
  title = {Квантовая механика},
  address = {М.},
  publisher = {ИЛ},
  year = {1967},
  language     = {russian}
}


@BOOK{6,
  author = {Елютин, П.В. and Кривченков, В.Д.},
  title = {Квантовая механика},
  address = {М.},
  publisher = {Наука},
  year = {1976},
  language     = {russian}
}


@BOOK{7,
  author = {Блохинцев, Д.И.},
  title = {Основы квантовой механики},
  address = {М.},
  publisher = {Наука},
  year = {1976},
  language     = {russian}
}

@BOOK{8,
  author = {Киселёв, В.В.},
  title = {Квантовая механика. Курс лекций},
  address = {М.},
  publisher = {МЦНМО},
  year = {2009},
  language     = {russian}
}

@BOOK{9,
  author = {Аллилуев, С.П.},
  title = {Квантовая теория сложного атома и квантовая теория излучения: учеб. пособие},
  address = {М.},
  publisher = {МФТИ},
  year = {1984},
  language     = {russian}
}


@BOOK{10,
  author = {Тернов, А.И.},
  title = {Основы релятивистской квантовой механики: учеб. пособие},
  address = {М.},
  publisher = {МФТИ},
  year = {2002},
  language     = {russian}
}

@BOOK{11,
  author = {Галицкий, В.М. and Карнаков, Б.М. and Коган, В.И.},
  title = {Задачи по квантовой механике},
  address = {М.},
  publisher = {Наука},
  year = {1981},
  language     = {russian}
}

@BOOK{12,
  author = {Аллилуев, С.П. and Зяблюк, К.Н},
  title = {Избранные вопросы квантовой теории рассеяния: учеб. пособие},
  address = {М.},
  publisher = {МФТИ},
  year = {2005},
  language     = {russian}
}

@BOOK{13,
  author = {Белоусов, Ю.М. and Кузнецов, В.П. and Смилга, В.П.},
  title = {Практическая математика. Руководство для начинающих изучать теоретическую физику},
  address = {Долгопрудный},
  publisher = {Издательский Дом <<Интеллект>>},
  year = {2009},
  language     = {russian}
}

@BOOK{14,
  author = {Белоусов, Ю.М. and Бурмистров, С.Н. and Тернов, А.И.},
  title = {Задачи по теоретической физике},
  address = {Долгопрудный},
  publisher = {Издательский Дом <<Интеллект>>},
  year = {2013},
  language     = {russian}
}
